@InProceedings{li-EtAl:2009:ACL,
  author    = {Li, Zhifei  and  Callison-Burch, Chris  and  Dyer, Chris  and  Ganikevitch, Juri and Khudanpur, Sanjeev  and  Schwartz, Lane  and  Thornton, Wren  and  Weese, Jonathan  and  Zaidan, Omar},
  title     = {Demonstration of Joshua: An Open Source Toolkit for Parsing-Based Machine Translation},
  booktitle = {Proceedings of the 47th Annual Meeting of the Association for Computational Linguistics, Software Demonstrations},
  month     = {August},
  year      = {2009},
  address   = {Singapore},
  publisher = {Association for Computational Linguistics}
}

