@InProceedings{heafield-EtAl:2016:P16-1,
  author    = {Heafield, Kenneth  and  Geigle, Chase  and  Massung, Sean  and  Schwartz, Lane},
  title     = {Normalized Log-Linear Interpolation of Backoff Language Models is Efficient},
  booktitle = {Proceedings of the 54th Annual Meeting of the Association for Computational Linguistics (Volume 1: Long Papers)},
  month     = {August},
  year      = {2016},
  address   = {Berlin, Germany},
  publisher = {Association for Computational Linguistics},
  pages     = {876--886},
  url       = {http://www.aclweb.org/anthology/P16-1083}
}

