@inproceedings{hoangetalAMTA16,
	Author = {Hieu Hoang, Nikolay Bogoychev, Lane Schwartz, and Marcin Junczys-Dowmunt},
	Title = {Fast, Scalable Phrase-Based SMT Decoding},
	Booktitle = {Proceedings of the 12th Conference of the Association for Machine Translation in the Americas, Volume 1: MT Researchers’ Track (AMTA’16)},
    Pages = {40--52},
	Month = {October},
	Year = {2016},
}
