@inproceedings{youngetalAMTA16,
	Author = {Katherine Young and Jeremy Gwinnup and Lane Schwartz},
	Title = {A Taxonomy of Weeds: A Field Guide for Corpus Curators to Winnowing the Parallel Text Harvest},
	Booktitle = {Proceedings of the 12th Conference of the Association for Machine Translation in the Americas, Volume 2: MT Users’ Track (AMTA’16)},
    Pages = {355--370},
	Month = {October},
	Year = {2016},
}
