@inproceedings{schwartz08,
	Author = {Lane Schwartz},
	Title = {Multi-Source Translation Methods},
	Booktitle = {Proc. AMTA},
	Month = {October},
	Year = {2008},
	Url = {http://www-users.cs.umn.edu/~lane/papers/amta08.pdf}
}
