@Book{AMTA:2016,
  editor    = {Spence Green and  Lane Schwartz},
  title     = {Proceedings of the 12th Conference of the Association for Machine Translation in the Americas},
  month     = {October--November},
  year      = {2016},
  address   = {Austin, Texas},
  publisher = {Association for Machine Translation in the Americas},
  url       = {https://archive.amtaweb.org/wp-content/uploads/2016/10/AMTA2016_Research_Proceedings_v7.pdf}
}
