@inproceedings{weietalAutodiff17,
	Author = {Richard Wei and Lane Schwartz and Vikram Adve},
	Title = {A Modern Compiler Infrastructure for Deep Learning Systems with Adjoint Code Generation in a Domain-specific {IR}},
	booktitle = {Autodiff Workshop: The future of gradient-based machine learning software and techniques, NIPS},
	Year = {2017},
	month = {December},
	Url = {https://openreview.net/pdf?id=SJo1PLzCW}
}
