@article{schuleretal09,
	Author = {William Schuler and Stephen Wu and Lane Schwartz},
	Title = {A Framework for Fast Incremental Interpretation during Speech Decoding },
	Journal = {Computational Linguistics},
	Year = {2009},
	Volume = {35},
	Number = {3},
	Pages = {1--31},
	Url = {http://www.mitpressjournals.org/doi/pdfplus/10.1162/coli.08-011-R2-07-021}
}
