@article{schuleretal10,
	Author = {William Schuler and Samir AbdelRahman and Stephen Wu and Lane Schwartz},
	Title = {A Framework for Fast Incremental Interpretation during Speech Decoding },
	Journal = {Computational Linguistics},
	Year = {2010},
	Volume = {36},
	Number = {1},
	Pages = {1--30},
	Url = {http://www.mitpressjournals.org/doi/pdf/10.1162/coli.2010.36.1.36100}
}
