@inproceedings{BesacierSchwartzCLfL15,
	Author = {Laurent Besacier and Lane Schwartz},
	Title = {Automated translation of a literary work: a pilot study},
	Booktitle = {Proceedings of the 4th Workshop on Computational Linguistics for Literature (CLfLâ€™15)},
	Address = {Denver, Colorado},
	Month = {June},
	Year = {2017},
	Url = {http://www.aclweb.org/anthology/W15-0713}
}
