@inproceedings{schuleretal08,
	Author = {William Schuler and Samir AbdelRahman and Tim Miller and Lane Schwartz},
	Title = {Toward a Psycholinguistically-Motivated Model of Language},
	Booktitle = {Proceedings of COLING},
	Address = {Manchester, UK},
	Month = {August},
	Year = {2008},
	Url = {http://www-users.cs.umn.edu/~schuler/paper_COLING_2008_memory.pdf}
}