@inproceedings{schwartz-etal-2021-corpus,
    title = "A Digital Corpus of {S}t. {L}awrence {I}sland {Y}upik",
    author = "Schwartz, Lane  and
      Chen, Emily  and
      Park, Hyunji Hayley and
      Jahn, Edward and
      Schreiner, Sylvia L.R.",
    booktitle = "Proceedings of the 4th Workshop on the Use of Computational Methods in the Study of Endangered Languages (ComputEL-4)",
    month = "March",
    year = "2021",
    address = "Mānoa, Hawaiʻi"
}
