@Book{W17-01:2017,
  editor    = {Antti Arppe  and  Jeff Good  and  Mans Hulden  and  Jordan Lachler  and  Alexis Palmer  and  Lane Schwartz},
  title     = {Proceedings of the 2nd Workshop on the Use of Computational Methods in the Study of Endangered Languages},
  month     = {March},
  year      = {2017},
  address   = {Honolulu},
  publisher = {Association for Computational Linguistics},
  url       = {http://www.aclweb.org/anthology/W17-01}
}

@InProceedings{bowers-EtAl:2017:W17-01,
  author    = {Bowers, Dustin  and  Arppe, Antti  and  Lachler, Jordan  and  Moshagen, Sjur  and  Trosterud, Trond},
  title     = {A Morphological Parser for Odawa},
  booktitle = {Proceedings of the 2nd Workshop on the Use of Computational Methods in the Study of Endangered Languages},
  month     = {March},
  year      = {2017},
  address   = {Honolulu},
  publisher = {Association for Computational Linguistics},
  pages     = {1--9},
  url       = {http://www.aclweb.org/anthology/W17-0101}
}

@InProceedings{kazeminejad-cowell-hulden:2017:W17-01,
  author    = {Kazeminejad, Ghazaleh  and  Cowell, Andrew  and  Hulden, Mans},
  title     = {Creating lexical resources for polysynthetic languages---the case of Arapaho},
  booktitle = {Proceedings of the 2nd Workshop on the Use of Computational Methods in the Study of Endangered Languages},
  month     = {March},
  year      = {2017},
  address   = {Honolulu},
  publisher = {Association for Computational Linguistics},
  pages     = {10--18},
  url       = {http://www.aclweb.org/anthology/W17-0102}
}

@InProceedings{thieberger-tuohy:2017:W17-01,
  author    = {Thieberger, Nick  and  Tuohy, Conal},
  title     = {From Small to Big Data: paper manuscripts to RDF triples of Australian Indigenous Vocabularies},
  booktitle = {Proceedings of the 2nd Workshop on the Use of Computational Methods in the Study of Endangered Languages},
  month     = {March},
  year      = {2017},
  address   = {Honolulu},
  publisher = {Association for Computational Linguistics},
  pages     = {19--23},
  url       = {http://www.aclweb.org/anthology/W17-0103}
}

@InProceedings{um:2017:W17-01,
  author    = {Um, Emmanuel Ngu\'e},
  title     = {Issues in digital text representation, on-line dissemination, sharing and re-use for African minority languages},
  booktitle = {Proceedings of the 2nd Workshop on the Use of Computational Methods in the Study of Endangered Languages},
  month     = {March},
  year      = {2017},
  address   = {Honolulu},
  publisher = {Association for Computational Linguistics},
  pages     = {24--32},
  url       = {http://www.aclweb.org/anthology/W17-0104}
}

@InProceedings{holton-hooshiar-thieberger:2017:W17-01,
  author    = {Holton, Gary  and  Hooshiar, Kavon  and  Thieberger, Nick},
  title     = {Developing collection management tools to create more robust and reliable linguistic data},
  booktitle = {Proceedings of the 2nd Workshop on the Use of Computational Methods in the Study of Endangered Languages},
  month     = {March},
  year      = {2017},
  address   = {Honolulu},
  publisher = {Association for Computational Linguistics},
  pages     = {33--38},
  url       = {http://www.aclweb.org/anthology/W17-0105}
}

@InProceedings{levow-EtAl:2017:W17-01,
  author    = {Levow, Gina-Anne  and  Bender, Emily M.  and  Littell, Patrick  and  Howell, Kristen  and  Chelliah, Shobhana  and  Crowgey, Joshua  and  Garrette, Dan  and  Good, Jeff  and  Hargus, Sharon  and  Inman, David  and  Maxwell, Michael  and  Tjalve, Michael  and  Xia, Fei},
  title     = {STREAMLInED Challenges: Aligning Research Interests with Shared Tasks},
  booktitle = {Proceedings of the 2nd Workshop on the Use of Computational Methods in the Study of Endangered Languages},
  month     = {March},
  year      = {2017},
  address   = {Honolulu},
  publisher = {Association for Computational Linguistics},
  pages     = {39--47},
  url       = {http://www.aclweb.org/anthology/W17-0106}
}

@InProceedings{bell-bell:2017:W17-01,
  author    = {Bell, Lucy  and  Bell, Lawrence},
  title     = {Work With What You've Got},
  booktitle = {Proceedings of the 2nd Workshop on the Use of Computational Methods in the Study of Endangered Languages},
  month     = {March},
  year      = {2017},
  address   = {Honolulu},
  publisher = {Association for Computational Linguistics},
  pages     = {48--51},
  url       = {http://www.aclweb.org/anthology/W17-0107}
}

@InProceedings{arppe-junker-torkornoo:2017:W17-01,
  author    = {Arppe, Antti  and  Junker, Marie-Odile  and  Torkornoo, Delasie},
  title     = {Converting a comprehensive lexical database into a computational model: The case of East Cree verb inflection},
  booktitle = {Proceedings of the 2nd Workshop on the Use of Computational Methods in the Study of Endangered Languages},
  month     = {March},
  year      = {2017},
  address   = {Honolulu},
  publisher = {Association for Computational Linguistics},
  pages     = {52--56},
  url       = {http://www.aclweb.org/anthology/W17-0108}
}

@InProceedings{gerstenberger-partanen-riessler:2017:W17-01,
  author    = {Gerstenberger, Ciprian  and  Partanen, Niko  and  Rie{\ss}ler, Michael},
  title     = {Instant annotations in ELAN corpora of spoken and written Komi, an endangered language of the Barents Sea region},
  booktitle = {Proceedings of the 2nd Workshop on the Use of Computational Methods in the Study of Endangered Languages},
  month     = {March},
  year      = {2017},
  address   = {Honolulu},
  publisher = {Association for Computational Linguistics},
  pages     = {57--66},
  url       = {http://www.aclweb.org/anthology/W17-0109}
}

@InProceedings{howell-EtAl:2017:W17-01,
  author    = {Howell, Kristen  and  Bender, Emily M.  and  Lockwood, Michel  and  Xia, Fei  and  Zamaraeva, Olga},
  title     = {Inferring Case Systems from IGT: Enriching the Enrichment},
  booktitle = {Proceedings of the 2nd Workshop on the Use of Computational Methods in the Study of Endangered Languages},
  month     = {March},
  year      = {2017},
  address   = {Honolulu},
  publisher = {Association for Computational Linguistics},
  pages     = {67--75},
  url       = {http://www.aclweb.org/anthology/W17-0110}
}

@InProceedings{kodner-EtAl:2017:W17-01,
  author    = {Kodner, Jordan  and  Kaplan, Spencer  and  Xu, Hongzhi  and  Marcus, Mitchell P.  and  Yang, Charles},
  title     = {Case Studies in the Automatic Characterization of Grammars from Small Wordlists},
  booktitle = {Proceedings of the 2nd Workshop on the Use of Computational Methods in the Study of Endangered Languages},
  month     = {March},
  year      = {2017},
  address   = {Honolulu},
  publisher = {Association for Computational Linguistics},
  pages     = {76--84},
  url       = {http://www.aclweb.org/anthology/W17-0111}
}

@InProceedings{maxwell-bills:2017:W17-01,
  author    = {Maxwell, Michael  and  Bills, Aric},
  title     = {Endangered Data for Endangered Languages: Digitizing Print dictionaries},
  booktitle = {Proceedings of the 2nd Workshop on the Use of Computational Methods in the Study of Endangered Languages},
  month     = {March},
  year      = {2017},
  address   = {Honolulu},
  publisher = {Association for Computational Linguistics},
  pages     = {85--91},
  url       = {http://www.aclweb.org/anthology/W17-0112}
}

@InProceedings{meyer:2017:W17-01,
  author    = {Meyer, David},
  title     = {A computationally-assisted procedure for discovering poetic organization within oral tradition},
  booktitle = {Proceedings of the 2nd Workshop on the Use of Computational Methods in the Study of Endangered Languages},
  month     = {March},
  year      = {2017},
  address   = {Honolulu},
  publisher = {Association for Computational Linguistics},
  pages     = {92--100},
  url       = {http://www.aclweb.org/anthology/W17-0113}
}

@InProceedings{micher:2017:W17-01,
  author    = {Micher, Jeffrey},
  title     = {Improving Coverage of an Inuktitut Morphological Analyzer Using a Segmental Recurrent Neural Network},
  booktitle = {Proceedings of the 2nd Workshop on the Use of Computational Methods in the Study of Endangered Languages},
  month     = {March},
  year      = {2017},
  address   = {Honolulu},
  publisher = {Association for Computational Linguistics},
  pages     = {101--106},
  url       = {http://www.aclweb.org/anthology/W17-0114}
}

@InProceedings{miller-elsner:2017:W17-01,
  author    = {Miller, Amanda  and  Elsner, Micha},
  title     = {Click reduction in fluent speech: a semi-automated analysis of Mangetti Dune !Xung},
  booktitle = {Proceedings of the 2nd Workshop on the Use of Computational Methods in the Study of Endangered Languages},
  month     = {March},
  year      = {2017},
  address   = {Honolulu},
  publisher = {Association for Computational Linguistics},
  pages     = {107--115},
  url       = {http://www.aclweb.org/anthology/W17-0115}
}

@InProceedings{rytting-yelle:2017:W17-01,
  author    = {Rytting, C. Anton  and  Yelle, Julie},
  title     = {DECCA Repurposed: Detecting transcription inconsistencies without an orthographic standard},
  booktitle = {Proceedings of the 2nd Workshop on the Use of Computational Methods in the Study of Endangered Languages},
  month     = {March},
  year      = {2017},
  address   = {Honolulu},
  publisher = {Association for Computational Linguistics},
  pages     = {116--121},
  url       = {http://www.aclweb.org/anthology/W17-0116}
}

@InProceedings{saltzman:2017:W17-01,
  author    = {Saltzman, Moira},
  title     = {Jejueo talking dictionary: A collaborative online database for language revitalization},
  booktitle = {Proceedings of the 2nd Workshop on the Use of Computational Methods in the Study of Endangered Languages},
  month     = {March},
  year      = {2017},
  address   = {Honolulu},
  publisher = {Association for Computational Linguistics},
  pages     = {122--129},
  url       = {http://www.aclweb.org/anthology/W17-0117}
}

@InProceedings{zamaraeva-EtAl:2017:W17-01,
  author    = {Zamaraeva, Olga  and  Kratochv\'il, Franti\v{s}ek  and  Bender, Emily M.  and  Xia, Fei  and  Howell, Kristen},
  title     = {Computational Support for Finding Word Classes: A Case Study of Abui},
  booktitle = {Proceedings of the 2nd Workshop on the Use of Computational Methods in the Study of Endangered Languages},
  month     = {March},
  year      = {2017},
  address   = {Honolulu},
  publisher = {Association for Computational Linguistics},
  pages     = {130--140},
  url       = {http://www.aclweb.org/anthology/W17-0118}
}

@InProceedings{littell-pine-davis:2017:W17-01,
  author    = {Littell, Patrick  and  Pine, Aidan  and  Davis, Henry},
  title     = {Waldayu and Waldayu Mobile: Modern digital dictionary interfaces for endangered languages},
  booktitle = {Proceedings of the 2nd Workshop on the Use of Computational Methods in the Study of Endangered Languages},
  month     = {March},
  year      = {2017},
  address   = {Honolulu},
  publisher = {Association for Computational Linguistics},
  pages     = {141--150},
  url       = {http://www.aclweb.org/anthology/W17-0119}
}

@InProceedings{little:2017:W17-01,
  author    = {Little, Alexa N.},
  title     = {Connecting Documentation and Revitalization: A New Approach to Language Apps},
  booktitle = {Proceedings of the 2nd Workshop on the Use of Computational Methods in the Study of Endangered Languages},
  month     = {March},
  year      = {2017},
  address   = {Honolulu},
  publisher = {Association for Computational Linguistics},
  pages     = {151--155},
  url       = {http://www.aclweb.org/anthology/W17-0120}
}

@InProceedings{bettinson-bird:2017:W17-01,
  author    = {Bettinson, Mat  and  Bird, Steven},
  title     = {Developing a Suite of Mobile Applications for Collaborative Language Documentation},
  booktitle = {Proceedings of the 2nd Workshop on the Use of Computational Methods in the Study of Endangered Languages},
  month     = {March},
  year      = {2017},
  address   = {Honolulu},
  publisher = {Association for Computational Linguistics},
  pages     = {156--164},
  url       = {http://www.aclweb.org/anthology/W17-0121}
}

@InProceedings{kempton:2017:W17-01,
  author    = {Kempton, Timothy},
  title     = {Cross-language forced alignment to assist community-based linguistics for low resource languages},
  booktitle = {Proceedings of the 2nd Workshop on the Use of Computational Methods in the Study of Endangered Languages},
  month     = {March},
  year      = {2017},
  address   = {Honolulu},
  publisher = {Association for Computational Linguistics},
  pages     = {165--169},
  url       = {http://www.aclweb.org/anthology/W17-0122}
}

@InProceedings{anastasopoulos-chiang:2017:W17-01,
  author    = {Anastasopoulos, Antonios  and  Chiang, David},
  title     = {A case study on using speech-to-translation alignments for language documentation},
  booktitle = {Proceedings of the 2nd Workshop on the Use of Computational Methods in the Study of Endangered Languages},
  month     = {March},
  year      = {2017},
  address   = {Honolulu},
  publisher = {Association for Computational Linguistics},
  pages     = {170--178},
  url       = {http://www.aclweb.org/anthology/W17-0123}
}

