@InProceedings{shain-EtAl:2017:CUNY,
  author    = {Shain, Cory  and  Bryce, William  and  Jin, Lifeng  and  Krakovna, Victoria  and  Doshi-Velez, Finale  and  Miller, Timothy  and  Schuler, William  and  Schwartz, Lane},
  title     = {Modeling syntax acquisition via cognitively-constrained unsupervised grammar induction},
  booktitle = {Proceedings of the 30th Annual CUNY Conference on Human Sentence Processing},
  month     = {March},
  year      = {2017},
  address   = {Massachusetts Institute of Technology},
  pages     = {406--407},
  url       = {https://osf.io/rasfa/}
}
