@article{eis2019,
   author = {Schwartz, Lane and Schreiner, Sylvia L.R. and Chen, Emily},
   title  = {Community-Focused Language Documentation in Support of Language Education and Revitalization for
{St. Lawrence Island Yupik}},
   journal = {Ã‰tudes Inuit Studies},
   volume = {43},
   number = {1--2},
   pages = {291--312},
   year = {2019}
}
