@incollection{2017_ATA_Schwartz,
	author    = {Lane Schwartz},
	title     = {The History and Promise of Machine Translation},
	booktitle = {Innovation and Expansion in Translation Process Research},
	series    = {American Translators Association Scholarly Monograph Series},
	number    = {XVIII},
	publisher = {John Benjamins},
	year      = {2018},
	pages     = {161--190},
	editor    = {Isabel Lacruz and Riitta Jääskeläinen},
	url       = {http://dx.doi.org/10.1075/ata.xviii}
}
