@incollection{2017_ATA_Schwartz,
	author    = {Lane Schwartz},
	title     = {The History and Promise of Machine Translation},
	booktitle = {Innovation and Expansion in Translation Process Research},
	series    = {American Translators Association Scholarly Monograph Series},
	number    = {XVIII},
	publisher = {John Benjamins},
	year      = {Forthcoming},
	editor    = {Isabel Lacruz and Riitta Jääskeläinen},
}
