@inproceedings{2014_IAMT_Schwartz,
	author    = {Lane Schwartz},
	title     = {The Human Language Model: 
	             A Re-examination of the Proper Role of Humans and Machines 
	             in Interactive Language Translation 34 years after Kay (1980)},
	booktitle = {Proceedings of the AMTA 2014 Workshop on Interactive and Adaptive Machine Translation (IAMT'14)},
	month     = {October},
	year      = {2014},
	address   = {Vancouver, Canada},
	note      = {Invited Talk}
}
