@inproceedings{wuetal08,
	Author = {Stephen Wu and Lane Schwartz and William Schuler},
	Title = {Referential Semantic Language Modeling for Data-Poor Domains},
	Booktitle = {Proceedings of ICASSP},
	Address = {Las Vegas, Nevada},
	Month = {April},
	Year = {2008},
	Url = {http://www-users.cs.umn.edu/~lane/papers/icassp08.pdf}
}