@inproceedings{weietalICLR18,
	Author = {Richard Wei and Lane Schwartz and Vikram Adve},
	Title = {{DLVM}: A modern compiler infrastructure for deep learning systems},
	booktitle = {Sixth International Conference on Learning Representations (ICLR'18), Workshop Track},
	Year = {2018},
	month = {May},
	address = {Vancouver, British Columbia}
	Url = {https://openreview.net/pdf?id=ryG6xZ-RZ}
}
