@inproceedings{schwartzetal09iui,
	Author = {Lane Schwartz and Luan Nguyen and Andrew Exley and William Schuler},
	Booktitle = {Proc. International Conference on Intelligent User Interfaces (IUI'09)},
	Title = {Positive Effects of Redundant Descriptions in an Interactive Semantic Speech Interface},
	Address = {Sanibel Island, Florida},
	Month = {February},
	Year = {2009},
	Url = {http://www-users.cs.umn.edu/~lane/papers/iui09.pdf}
}
