@inproceedings{wuetal08iui,
	Author = {Stephen Wu and Lane Schwartz and William Schuler},
	Booktitle = {Proc. International Conference on Intelligent User Interfaces (IUI'08)},
	Title = {Exploiting Referential Context in Spoken Language Interfaces for  Data-Poor Domains},
	Address = {Canary Islands, Spain},
	Month = {January},
	Year = {2008},
	Url = {http://www-users.cs.umn.edu/~schuler/paper_iui08.pdf},
}