@InProceedings{kazietal2013,
  author    = {Kazi, Michaeel and Coury, Michael and Salesky, Elizabeth and 
               Ray, Jessica and Shen, Wade and Gleason, Terry and
               Anderson, Tim and Erdmann, Grant and Schwartz, Lane and
               Ore, Brian and Slyh, Raymond and Gwinnup, Jeremy and 
               Young, Katherine and Hutt, Michael},
  title     = {The {MIT}-{LL}/{AFRL} {IWSLT}-2013 {MT} System},
  booktitle = {The 10th International Workshop on Spoken Language Translation
               (IWSLT'13)},
  address   = {Heidelberg, Germany},
  month     = {December},
  year      = {2013},
  pages     = {136--143}
}
