@misc{2020:JSALT:NPLM,
  author = {Schwartz, Lane and Tyers, Francis and Levin, Lori and Kirov, Christo and Littell, Patrick and Lo, Chi-kiu and Prud'hommeaux, Emily and Park, Hyunji Hayley and Steimel, Kenneth and Knowles, Rebecca and Micher, Jeffrey and Strunk, Lonny and Liu, Han and Haley, Coleman and Zhang, Katherine J. and Jimmerson, Robbie and Andriyanets, Vasilisa and Muis, Aldrian Obaja and Otani, Naoki and Park, Jong Hyuk and Zhang, Zhisong},
  title = {Neural Polysynthetic Language Modelling},
  howpublished = {Final Report of the Neural Polysynthetic Language Modelling Team at the 2019 Frederick Jelinek Memorial Summer Workshop},
  year = {2020},
  month = {May},
  url = {https://arxiv.org/pdf/2005.05477.pdf}
}
