@article{schwartzchen17ldc,
        Author = {Lane Schwartz and Emily Chen},
        Title = {Liinnaqumalghiit: A web-based tool for addressing orthographic transparency in St. Lawrence Island/Central Siberian Yupik},
        Journal = {Language Documentation and Conservation},
        Month = {September},
        Year = {2017},
        Volume = {11},
        Pages = {275--288},
        Publisher = {University of Hawaii Press},
        Url = {https://doi.org/10125/24736}
}
