@article{2020:Schreiner:etal:LDC,
        Author = {Scheiner, Sylvia L.R. and Lane Schwartz and Hunt, Benjamin and Emily Chen},
        Title = {Multidirectional leveraging for computational morphology and language documentation and revitalization},
        Journal = {Language Documentation \& Conservation},
        Month = {January},
        Year = {2020},
        Volume = {14},
        Pages = {69--86},
        Publisher = {University of Hawaii Press},
        Url = {http://hdl.handle.net/10125/24917}
}
