@inproceedings{2016_LoreHLT_UHHM,
	author    = {William Bryce and Timothy Miller and Lifeng Jin and Victoria Krakovna and Finale Doshi-Velez and William Schuler and Lane Schwartz},
	title     = {Bootstrapping for Entity Recognition with Type Annotations and Syntax Features},
	booktitle = {NIST 2016 Low Resource Human Language Technology Workshop (LoReHLT'16)},
	month     = {August},
	year      = {2016},
	address   = {Vancouver, Canada},
}
