@inproceedings{chenschwartz:LREC:2018,
	Author = {Emily Chen and Lane Schwartz},
	Title = {A Morphological Analyzer for {St. Lawrence Island} / {Central Siberian Yupik}},
	booktitle = {Proceedings of the 11th Language Resources and Evaluation Conference (LREC'18)},
	Year = {2018},
	month = {May},
	address = {Miyazaki, Japan}
}
