@inproceedings{2019:Schwartz:etal:LT4All,
  author = {Schwartz, Lane and Chen, Emily and Park, Hayley and Schreiner, Sylvia L.R. and Hunt, Benjamin}
  title  = {{St.~Lawrence Island Yupik} Language Technology for Documentation \& Revitalization},
  booktitle = {Proceedings of the International Conference Language Technologies for All (LT4All): Enabling Linguistic Diversity and Multilingualism Worldwide},
  address = {UNESCO Headquarters, Paris, France},
  month = {December},
  year = {2019},
  url = {https://lt4all.org/media/papers/P6/64.pdf}
}
