@inproceedings{2019:Schwartz:LT4All,
  author = {Schwartz, Lane}
  title  = {Language Shift, Language Technology, and Language Revitalization: Challenges and Possibilities for St. Lawrence Island Yupik},
  booktitle = {Proceedings of the International Conference Language Technologies for All (LT4All): Enabling Linguistic Diversity and Multilingualism Worldwide},
  address = {UNESCO Headquarters, Paris, France},
  month = {December},
  year = {2019},
  url = {https://lt4all.org/media/papers/O8/141.pdf}
}
