@inproceedings{schwartz08mclc,
	Author = {Lane Schwartz},
	Title = {An Open-Source Hierarchical Phrase-Based Translation System},
	Booktitle = {Proceedings of the 5th Midwest Computational Linguistics Colloquium (MCLC'08)},
	Month = {May},
	Year = {2008},
	Url = {http://www-users.cs.umn.edu/~lane/papers/mclc08.pdf}
}
