@inproceedings{weietalMLSys17,
	Author = {Richard Wei and Lane Schwartz and Vikram Adve},
	Title = {DLVM: A Modern Compiler Framework for Neural Network {DSLs}},
	booktitle = {Workshop on ML Systems at NIPS 2017},
	Year = {2017},
	month = {December},
	Url = {http://learningsys.org/nips17/assets/papers/paper_23.pdf}
}
