@inproceedings{2015_MTSummit_Schwartz_etal,
	author    = {Schwartz, Lane and Lacruz, Isabel and Bystrova, Tatyana},
	title     = {Effects of Word Alignment Visualization on Post-Editing Quality \& Speed},
	booktitle = {Proceedings of the 15th Machine Translation Summit (MT Summit XV)},
	month     = {October-November},
	year      = {2015},
	address   = {Miami, Florida}
}
