@article{schwartz12pbml,
        Author = {Lane Schwartz},
        Title = {Better Splitting Algorithms for Parallel Corpus Processing},
        Journal = {The Prague Bulletin of Mathematical Linguistics},
        Year = {2012},
        Volume = {98},
        Pages = {109--119},
        Url = {http://ufal.mff.cuni.cz/pbml/98/art-schwartz.pdf}
}
