@article{schwartzccb10,
        Author = {Lane Schwartz and Chris Callison-Burch},
        Title = {Hierarchical Phrase-Based Grammar Extraction in Joshua: Suffix Arrays and Prefix Trees },
        Journal = {The Prague Bulletin of Mathematical Linguistics},
        Year = {2010},
        Volume = {93},
        Pages = {157--166},
        Url = {http://ufal.mff.cuni.cz/pbml/93/art-schwartz-callison-burch.pdf}
}
