@phdthesis{schwartz12,
	Author = {Lane Schwartz},
	Title = {An Incremental Syntactic Language Model for Statistical Phrase-based Machine Translation},
	School = {University of Minnesota},
	Year = {2012},
	Address = {Minneapolis, Minnesota},
	Month = {February}
}
