@techreport{SCALE-report,
  author =       	{ Kathy Baker and Steven Bethard and Michael Bloodgood and Ralf Brown and Chris Callison-Burch and Glen Coppersmith and Bonnie Dorr and Wes Filardo and Kendall Giles and Anni Irvine and Mike Kayser and Lori Levin and Justin Martineau and Jim Mayfield and Scott Miller and Aaron Phillips and Andrew Philpot and Christine Piatko and Lane Schwartz and David Zajic },
  title =        	{Semantically Informed Machine Translation ({SIMT})},
  institution = 	{Human Language Technology Center Of Excellence},
  type = 	{{SCALE} Summer Workshop Final Report},
  year =	{2009}
}
