@inproceedings{milleretal07,
	Author = {Tim Miller and Lane Schwartz and William Schuler},
	Booktitle = {Proceedings of the Workshop on Semantic Representation of Spoken Language (SRSL'07)},
	Title = {Incremental Semantic Models for Continuous Context-Sensitive Speech Recognition},
	Month = {November},
	Year = {2007},
	Url = {http://www-users.cs.umn.edu/~schuler/paper_srsl07.pdf}
}