@article{jinetal18,
	Author = {Lifeng Jin and Finale Doshi-Velez and Timothy Miller and William Schuler and Lane Schwartz},
	Title = {Unsupervised Grammar Induction with Depth-bounded PCFG},
	Journal = {Transactions of the Association for Computational Linguistics},
	Year = {2018},
	Volume = {6},
	Pages = {211--224},
	Url = {https://www.transacl.org/ojs/index.php/tacl/article/view/1290}
}
