@mastersthesis{schwartz02,
	Author = {Lane Schwartz},
	Title = {Corpus-based acquisition of head noun countability features},
	School = {Cambridge University},
	Address = {Cambridge, UK},
	Month = {July},
	Year = {2002},
	Url = {http://www-users.cs.umn.edu/~lane/papers/thesis02.pdf}
}