@InProceedings{schwartzetal2014,
  author    = {Schwartz, Lane and Anderson, Timothy and Gwinnup, Jeremy and Young, Katherine M.}
  title     = {Machine Translation and Monolingual Postediting: The {AFRL} {WMT}-14 System},
  booktitle = {Proceedings of the Ninth Workshop on Statistical Machine Translation},
  month     = {June},
  year      = {2014},
  pages     = {186--194},
  address   = {Baltimore, Maryland},
  publisher = {Association for Computational Linguistics}
}

