@InProceedings{schwartz-EtAl:2015:WMT,
  author    = {Schwartz, Lane  and  Bryce, Bill  and  Geigle, Chase  and  Massung, Sean  and  Liu, Yisi  and  Peng, Haoruo  and  Raja, Vignesh  and  Roy, Subhro  and  Upadhyay, Shyam},
  title     = {The University of Illinois submission to the WMT 2015 Shared Translation Task},
  booktitle = {Proceedings of the Tenth Workshop on Statistical Machine Translation},
  month     = {September},
  year      = {2015},
  address   = {Lisbon, Portugal},
  publisher = {Association for Computational Linguistics},
  pages     = {192--198},
  url       = {http://aclweb.org/anthology/W15-3023}
}

