@InProceedings{2014_WPTP_Schwartz,
  author    = {Schwartz, Lane}
  title     = {Monolingual Post-Editing by a Domain Expert is Highly Effective for Translation Triage},
  booktitle = {Proceedings of the The Third Workshop on Post-editing Technology and Practice},
  month     = {October},
  year      = {2014},
  address   = {Vancouver, Canada}
}

